@article{malhotra2015systematic,
  title={A systematic review of machine learning techniques for software fault prediction},
  author={Malhotra, Ruchika},
  journal={Applied Soft Computing},
  volume={27},
  pages={504--518},
  year={2015},
  publisher={Elsevier}
},
@book{japkowicz2011evaluating,
  title={Evaluating learning algorithms: a classification perspective},
  author={Japkowicz, Nathalie and Shah, Mohak},
  year={2011},
  publisher={Cambridge University Press}
},
@inproceedings{wang2011many,
  title={How many software metrics should be selected for defect prediction?},
  author={Wang, Huanjing and Khoshgoftaar, Taghi M and Seliya, Naeem},
  booktitle={Twenty-Fourth International FLAIRS Conference},
  year={2011}
},
@article{dejaeger2013toward,
  title={Toward comprehensible software fault prediction models using bayesian network classifiers},
  author={Dejaeger, Karel and Verbraken, Thomas and Baesens, Bart},
  journal={IEEE Transactions on Software Engineering},
  volume={39},
  number={2},
  pages={237--257},
  year={2013},
  publisher={IEEE}
},
@article{hall2012systematic,
  title={A systematic literature review on fault prediction performance in software engineering},
  author={Hall, Tracy and Beecham, Sarah and Bowes, David and Gray, David and Counsell, Steve},
  journal={IEEE Transactions on Software Engineering},
  volume={38},
  number={6},
  pages={1276--1304},
  year={2012},
  publisher={IEEE}
},
@inproceedings{shivaji2009reducing,
  title={Reducing features to improve bug prediction},
  author={Shivaji, Shivkumar and Whitehead, Jr E James and Akella, Ram and Kim, Sunghun},
  booktitle={Proceedings of the 2009 IEEE/ACM International Conference on Automated Software Engineering},
  pages={600--604},
  year={2009},
  organization={IEEE Computer Society}
},
@article{catal2012performance,
  title={Performance evaluation metrics for software fault prediction studies},
  author={Catal, Cagatay},
  journal={Acta Polytechnica Hungarica},
  volume={9},
  number={4},
  pages={193--206},
  year={2012}
},
@article{sathyaraj2015approach,
  title={An approach for software fault prediction to measure the quality of different prediction methodologies using software metrics},
  author={Sathyaraj, R and Prabu, S},
  journal={Indian Journal of Science and Technology},
  volume={8},
  number={35},
  year={2015}
},
@article{sankar2014prediction,
  title={Prediction Of Code Fault Using Na{\"\i}ve Bayes And Svm Classifiers},
  author={Sankar, K and Kannan, S and Jennifer, P},
  journal={Middle-East Journal Of Scientific Research},
  volume={20},
  number={1},
  pages={108--113},
  year={2014}
},
@phdthesis{sahana2013software,
  title={Software Defect Prediction Based on Classication Rule Mining},
  author={Sahana, Dulal Chandra},
  year={2013}
},
@article{prasad2015study,
  title={A Study on Software Metrics based Software Defect Prediction using Data Mining and Machine Learning Techniques},
  author={Prasad, MC and Florence, Lilly and Arya, Arti},
  journal={International Journal of Database Theory and Application},
  volume={8},
  number={3},
  pages={179--190},
  year={2015}
},
@article{sharma2016software,
  title={Software Module Fault Prediction using Convolutional Neural Network with Feature Selection},
  author={Sharma, Rupali and Kakkar, Parveen},
  journal={International Journal of Software Engineering and Its Applications},
  volume={10},
  number={12},
  pages={307--318},
  year={2016}
},
@article{radjenovic2013software,
  title={Software fault prediction metrics: A systematic literature review},
  author={Radjenovi{\'c}, Danijel and Heri{\v{c}}ko, Marjan and Torkar, Richard and {\v{Z}}ivkovi{\v{c}}, Ale{\v{s}}},
  journal={Information and Software Technology},
  volume={55},
  number={8},
  pages={1397--1418},
  year={2013},
  publisher={Elsevier}
}
